% Encoding: UTF-8

@Article{Chen2014,
  author    = {Chen, Yuxiang and F{\"o}rster, Friedrich},
  title     = {Iterative reconstruction of cryo-electron tomograms using nonuniform fast Fourier transforms},
  journal   = {Journal of structural biology},
  year      = {2014},
  volume    = {185},
  number    = {3},
  pages     = {309--316},
  publisher = {Elsevier},
}

@Article{Lucic2005,
  author    = {Lu{\v{c}}i{\'c}, Vladan and F{\"o}rster, Friedrich and Baumeister, Wolfgang},
  title     = {Structural studies by electron tomography: from cells to molecules},
  journal   = {Annu. Rev. Biochem.},
  year      = {2005},
  volume    = {74},
  pages     = {833--865},
  publisher = {Annual Reviews},
}

@InProceedings{Cicek2016,
  author       = {{\c{C}}i{\c{c}}ek, {\"O}zg{\"u}n and Abdulkadir, Ahmed and Lienkamp, Soeren S and Brox, Thomas and Ronneberger, Olaf},
  title        = {3D U-Net: learning dense volumetric segmentation from sparse annotation},
  booktitle    = {International Conference on Medical Image Computing and Computer-Assisted Intervention},
  year         = {2016},
  pages        = {424--432},
  organization = {Springer},
}

@Article{Chen2017,
  author    = {Chen, Hao and Qi, Xiaojuan and Yu, Lequan and Dou, Qi and Qin, Jing and Heng, Pheng-Ann},
  title     = {DCAN: Deep contour-aware networks for object instance segmentation from histology images},
  journal   = {Medical image analysis},
  year      = {2017},
  volume    = {36},
  pages     = {135--146},
  publisher = {Elsevier},
}

@InProceedings{Yu2017,
  author       = {Yu, Lequan and Cheng, Jie-Zhi and Dou, Qi and Yang, Xin and Chen, Hao and Qin, Jing and Heng, Pheng-Ann},
  title        = {Automatic 3d cardiovascular mr segmentation with densely-connected volumetric convnets},
  booktitle    = {International Conference on Medical Image Computing and Computer-Assisted Intervention},
  year         = {2017},
  pages        = {287--295},
  organization = {Springer},
}

@Article{Chen2017a,
  author    = {Chen, Muyuan and Dai, Wei and Sun, Stella Y and Jonasch, Darius and He, Cynthia Y and Schmid, Michael F and Chiu, Wah and Ludtke, Steven J},
  title     = {Convolutional neural networks for automated annotation of cellular cryo-electron tomograms},
  journal   = {nature methods},
  year      = {2017},
  volume    = {14},
  number    = {10},
  pages     = {983},
  publisher = {Nature Publishing Group},
}

@Article{Shelhamer2014Fully,
  author  = {Shelhamer, E and Long, J. and Darrell, T},
  title   = {Fully Convolutional Networks for Semantic Segmentation},
  journal = {IEEE Transactions on Pattern Analysis \& Machine Intelligence},
  year    = {2014},
  volume  = {39},
  number  = {4},
  pages   = {640-651},
}

@Article{Chen2018,
  author    = {Chen, Liang-Chieh and Papandreou, George and Kokkinos, Iasonas and Murphy, Kevin and Yuille, Alan L},
  title     = {Deeplab: Semantic image segmentation with deep convolutional nets, atrous convolution, and fully connected crfs},
  journal   = {IEEE transactions on pattern analysis and machine intelligence},
  year      = {2018},
  volume    = {40},
  number    = {4},
  pages     = {834--848},
  publisher = {IEEE},
}

@Article{Kass1988,
  author    = {Kass, Michael and Witkin, Andrew and Terzopoulos, Demetri},
  title     = {Snakes: Active contour models},
  journal   = {International journal of computer vision},
  year      = {1988},
  volume    = {1},
  number    = {4},
  pages     = {321--331},
  publisher = {Springer},
}

@Article{Xu1998,
  author    = {Xu, Chenyang and Prince, Jerry L},
  title     = {Snakes, shapes, and gradient vector flow},
  journal   = {IEEE Transactions on image processing},
  year      = {1998},
  volume    = {7},
  number    = {3},
  pages     = {359--369},
  publisher = {IEEE},
}

@Article{Cohen1991,
  author    = {Cohen, Laurent D},
  title     = {On active contour models and balloons},
  journal   = {CVGIP: Image understanding},
  year      = {1991},
  volume    = {53},
  number    = {2},
  pages     = {211--218},
  publisher = {Elsevier},
}

@InProceedings{Xu2016,
  author    = {Xu, Kun and Su, Hang and Zhu, Jun and Guan, Ji-Song and Zhang, Bo},
  title     = {Neuron Segmentation based on CNN with Semi-supervised Regularization},
  booktitle = {Proceedings of the IEEE Conference on Computer Vision and Pattern Recognition Workshops},
  year      = {2016},
  pages     = {20--28},
}

@InProceedings{Zhang2008,
  author        = {Zhang, Li and Li, Yuan and Nevatia, Ramakant},
  title         = {Global data association for multi-object tracking using network flows},
  booktitle     = {Computer Vision and Pattern Recognition, 2008. CVPR 2008. IEEE Conference on},
  year          = {2008},
  pages         = {1--8},
  organization  = {IEEE},
  __markedentry = {[Administrator:]},
}

@Article{Kuhn1955,
  author        = {Kuhn, Harold W},
  title         = {The Hungarian method for the assignment problem},
  journal       = {Naval Research Logistics (NRL)},
  year          = {1955},
  volume        = {2},
  number        = {1-2},
  pages         = {83--97},
  __markedentry = {[Administrator:6]},
  publisher     = {Wiley Online Library},
}

@Comment{jabref-meta: databaseType:bibtex;}
